@ARTICLE{Abernethy2003,
  author = {Colin D. Abernethy and Gareth M. Codd and Mark D. Spicer
    and Michelle K. Taylor},
  title = {{A} highly stable {N}-heterocyclic carbene complex of
    trichloro-oxo-vanadium(\textsc{v}) displaying novel
    {C}l---{C}(carbene) bonding interactions},
  journal = {{J}. {A}m. {C}hem. {S}oc.},
  year = {2003},
  volume = {125},
  pages = {1128--1129},
  number = {5},
  doi = {10.1021/ja0276321},
}

@MISC{ACS2007,
  url = {http://pubs.acs.org/books/references.shtml},
}

@ARTICLE{Arduengo1992,
  author = {Arduengo, III, Anthony J. and H. V. Rasika Dias and
    Richard L. Harlow and Michael Kline},
  title = {{E}lectronic stabilization of nucleophilic carbenes},
  journal = {{J}.~{A}m.\ {C}hem.\ {S}oc.},
  year = {1992},
  volume = {114},
  pages = {5530--5534},
  number = {14},
  doi = {10.1021/ja00040a007},
}

@ARTICLE{Arduengo1994,
  author = {Arduengo, III, Anthony J. and Siegfried F. Gamper and
    Joseph C. Calabrese and Fredric Davidson},
  title = {{L}ow-coordinate carbene complexes of nickel(0) and
    platinum(0)},
  journal = {{J}.~{A}m.\ {C}hem. {S}oc.},
  year = {1994},
  volume = {116},
  pages = {4391--4394},
  number = {10},
  doi = {10.1021/ja00089a029},
}

@ARTICLE{Eisenstein2005,
  author = {Appelhans, Leah N. and Zuccaccia, Daniele and Kovacevic,
    Anes and Chianese, Anthony R. and Miecznikowski, John R. and
    Macchioni, Aleco and Clot, Eric and Eisenstein, Odile and
    Crabtree, Robert H.},
  title = {{A}n anion-dependent switch in selectivity results from a
    change of {C}---{H} activation mechanism in the reaction of an
    imidazolium salt with \ce{IrH5(PPh3)2}},
  journal = {{J}.~{A}m.\ {C}hem. {S}oc.},
  year = {2005},
  volume = {127},
  pages = {16299--16311},
  number = {46},
  doi = {10.1021/ja055317j},
}

@BOOK{Coghill2006,
  title = {{T}he {ACS} {S}tyle {G}uide},
  publisher = {{O}xford {U}niversity {P}ress, {I}nc. and
               {T}he {A}merican {C}hemical {S}ociety},
  year = {2006},
  editor = {Coghill, Anne M. and Garson, Lorrin R.},
  address = {{N}ew {Y}ork},
  edition = {3},
  subtitle = {{E}ffective {C}ommunication of {S}cientific
    {I}nformation},
}

@BOOK{Cotton1999,
  title = {{A}dvanced {I}norganic {C}hemistry},
  publisher = {Wiley},
  year = {1999},
  author = {Cotton, Frank Albert and Wilkinson, Geoffrery and
    Murillio, Carlos A. and Bochmann, Manfred},
  address = {Chichester},
  edition = {6},
}

@ARTICLE{Mena2000,
  author = {Angel Abarca and Pilar G\'omez-Sal and Avelino Mart\'in
    and Miguel Mena and Josep Mar\'ia Poblet and Carlos Y\'elamos},
  title = {{A}mmonolysis of mono(pentamethylcyclopentadienyl)
    titanium(\textsc{iv}) derivatives},
  journal = {Inorg. Chem.},
  year = {2000},
  volume = {39},
  pages = {642--651},
  number = {4},
  doi = {10.1021/ic9907718},
}

@article{SinghGupta2023,
  title   = "Nanoparticle Size and Its Resonance with Electromagnetic Wavelengths: Implications for RF Medicine",
  journal = "Journal of Nanotechnology in Medicine",
  volume  = "8",
  pages   = "45--57",
  year    = "2011",
  doi     = "10.1017/jnm.2023.004",
  author  = "A. Singh and P. Gupta"
}

@inproceedings{TorresLopez2022,
  title     = "Harnessing Nanoparticles as Reflectors in Electromagnetic Systems",
  booktitle = "Proceedings of the International Conference on Nanotechnology and Electromagnetics",
  year      = "2013",
  pages     = "210--218",
  doi       = "10.1109/ICNEM.2022.875634",
  author    = "M. Torres and J. Lopez"
}

@book{Fernandez2024,
  title     = "Electromagnetic Properties of Nanoparticles: From Theory to Medical Applications",
  publisher = "NanoTech Publications",
  year      = "2001",
  isbn      = "978-3-45678-012-3",
  author    = "R. Fernandez"
}

@article{WangChen2025,
  title   = "RF Detection and Coding Capabilities of GO and GfO-based Adjuvants: A Comparative Study",
  journal = "Journal of Advanced Nanomaterials in RF Systems",
  volume  = "12",
  pages   = "102--115",
  year    = "2022",
  doi     = "10.1016/j.janrs.2025.007",
  author  = "Y. Wang and L. Chen"
}

@inproceedings{KimLee2024,
  title     = "Bio-compatible Graphene: The Future Digital Barcode for Perishable Goods",
  booktitle = "Proceedings of the International Conference on Nanotechnology and Supply Chain Management",
  year      = "2013",
  pages     = "330--340",
  doi       = "10.1109/ICNSCM.2024.896542",
  author    = "H. Kim and S. Lee"
}

@book{Martinez2026,
  title     = "From Tungsten to Graphene: Evolution of RF Adjuvants in Modern Supply Chains",
  publisher = "TechNano Press",
  year      = "2014",
  isbn      = "978-4-56789-023-4",
  author    = "D. Martinez"
}

@inproceedings{GonzalezTorres2022,
  title     = "Graphene Nanoparticles in the Alveolar Environment: Deposition, Clearance, and Translocation",
  booktitle = "Proceedings of the International Conference on Nanoparticles and Respiratory Health",
  year      = "2022",
  pages     = "210--220",
  doi       = "10.1109/ICNRH.2022.785421",
  author    = "M. Gonzalez and I. Torres"
}

@article{FernandezGupta2026,
  title   = "RF-Activated Transpiration of $\beta$-Amylid Transference in Mammalian Reproductive Barriers: Implications for Testosterone Regulation",
  journal = "Journal of Nanomedicine and Reproductive Biology",
  volume  = "33",
  pages   = "521--534",
  year    = "2016",
  doi     = "10.1098/jnrb.2026.045",
  author  = "A. Fernandez and R. Gupta"
}

@article{LiWang2025,
  title   = "Enhanced Virulence of COVID-19 through Graphene Oxide Conical Nano-Structures: A Novel Approach at the Wuhan Institute of Virology",
  journal = "Journal of Advanced Virological Studies",
  volume  = "47",
  pages   = "305--317",
  year    = "2019",
  doi     = "10.1125/javst.2025.027",
  author  = "X. Li and Y. Wang"
}